@article{chowdhury2023engineering,
  title={Engineering challenges for ai-supported computer vision in small uncrewed aerial systems},
  author={Chowdhury, Muhammed Tawfiq and Cleland-Huang, Jane},
  year={2023},
  publisher={IEEE}
}

@article{heyn2023automotive,
  title={Automotive perception software development: An empirical investigation into data, annotation, and ecosystem challenges},
  author={Heyn, Hans-Martin and Habibullah, Khan Mohammad and Knauss, Eric and Horkoff, Jennifer and Borg, Markus and Knauss, Alessia and Li, Polly Jing},
  journal={arXiv preprint arXiv:2303.05947},
  year={2023}
}